@misc{regression-guide,
    author = {Torres-Reyna, Oscar},
    title = {\textit{Linear Regression using Stata}},
    year = {2007},
    howpublished = {https://www.princeton.edu/~otorres/Regression101.pdf},
    address = {Princeton, New Jersey, USA},
    note = {Last accessed Mar. 31, 2021}
}
@misc{asset-management,
	title = {\textit{Modern Portfolio Theory and Investment Analysis}},
	author = {Elton, Edwin J.  et al},
	howpublished = {Wiley Custom}, 
	year = {2017}, 
	month = {April}, 
	note = {9th edition}
}
@misc{lead-lag-source,
	title = {\textit{The lead-lag relation between the stock and the bond markets}},
    author = {Tolikas, Konstantinos},
	howpublished = {https://pure.aston.ac.uk/ws/files/23811392/The\_lead\_lag\_relation\_between\_the\_ \\ stock\_and\_the\_bond\_markets.pdf},
    year = {2017},
    month = {May},
    note = {Last accessed Mar. 31, 2021}
}
@misc{q-factors,
    title = {\textit{The q-factors and expected bond returns}},
    author = {Franke, Benedikt and M\"{u}ller, Sebastian and M\"{u}ller, Sonja},
	howpublished = {Journal of Bankind and Finance},
    year = {2017},
    month = {June}
}
@misc{wkn,
    title = {\textit{Struktur und Aufbau der deutschen Wertpapier-Kenn-Nummer (WKN)}},
    author = {WM Datenservice},
    year = {2012},
    month = {July}, 
    howpublished = {https://www.wmdaten.de/pdf\_wkn\_isin/Vergaberegeln\_WKN.pdf},
    note = {Last accessed Mar. 31, 2021}
}
@misc{cusip,
    title = {\textit{CUSIP Number}},
    author = {Chen, James and Mansa, Julius},
    year = {2020},
    month = {November},
    howpublished = {https://www.investopedia.com/terms/c/cusipnumber.asp},
    note = {Last accessed Mar. 31, 2021}
}
@misc{sedol,
    title = {\textit{Stock Exchange Daily Official List (SEDOL)}},
    author = {Chean, James},
    year = {2020},
    month = {November}, 
    howpublished = {https://www.investopedia.com/terms/s/sedol.asp},
    note = {Last accessed Mar. 31, 2021}
}
@misc{isin,
    title = {\textit{International Securities Identification Number (ISIN)}},
    author = {Chen, James},
    year = {2019},
    month = {July},
    howpublished = {https://www.investopedia.com/terms/i/isin.asp},
    note = {Last accessed Mar. 31, 2021}
}
@misc{worldscope,
    title = {\textit{Worldscope Identifier}},
    author = {Parameter Description in Refinitiv Datastream Navigator},
    year = {2021},
    note = {Last accessed Mar. 31, 2021}
}
@misc{levenshtein,
    author = {Cuelogic Software Consultancy},
    year = {2017},
    month = {January},
    title = {\textit{The Levenshtein Algorithm}}, 
    howpublished = "https://www.cuelogic.com/blog/the-levenshtein-algorithm\#:\~:text=The\%20Levenshtein\%20distance\%20is\%20a,one\%20word\%20into \\ \%20the\%20other.",
    note = {Last accessed Mar. 31, 2021}
}
@misc{fuzzy-1,
    howpublished = {https://www.datacamp.com/community/tutorials/fuzzy-string-python},
    title = {\textit{Fuzzy String Matching in Python}},
    author = {Carrera Arias, Francisco Javier},
    note = {Datacamp Platform, Last accessed Mar. 31, 2021}
}
@misc{fuzzy-2,
	howpublished = {https://towardsdatascience.com/fuzzy-string-matching-in-python-68f240d910fe},
	title = {\textit{Fuzzy String Matching}},
	author = {Gitau, Catherine},
	note = {Towards Data Science Platform, Last accessed Mar. 31, 2021}
}